<record xmlns="http://www.loc.gov/MARC21/slim" xmlns:xsi="http://www.w3.org/2001/XMLSchema-instance" xsi:schemaLocation="http://www.loc.gov/MARC21/slim http://www.loc.gov/standards/marcxml/schema/MARC21slim.xsd"><leader>     nam a22        4500</leader><controlfield tag="001">3233722</controlfield><controlfield tag="003">NNC</controlfield><controlfield tag="006">m        d        </controlfield><controlfield tag="007">cr cn |||m|||a</controlfield><controlfield tag="008">150316s1927    ua      ob    001 0 ara  </controlfield><datafield ind1=" " ind2=" " tag="040"><subfield code="a">NNU</subfield><subfield code="b">eng</subfield><subfield code="e">rda</subfield><subfield code="c">NNU</subfield></datafield><datafield ind1="0" ind2=" " tag="050"><subfield code="a">R128.3</subfield><subfield code="b">.U2</subfield></datafield><datafield ind1="0" ind2="0" tag="060"><subfield code="a">WZ 80.5.A8</subfield><subfield code="b">I131a 1927</subfield></datafield><datafield ind1="0" ind2="0" tag="060"><subfield code="a">Film 67-38 no. 2</subfield></datafield><datafield ind1="1" ind2=" " tag="100"><subfield code="6">880-01</subfield><subfield code="a">Ibn Bakhti&#772;shu&#772;&#699;, &#699;Ubayd Alla&#772;h ibn Jibra&#772;&#700;i&#772;l.</subfield></datafield><datafield ind1="1" ind2="3" tag="245"><subfield code="6">880-02</subfield><subfield code="a">al-Rawd&#803;ah al-t&#803;ibbi&#772;yah /</subfield><subfield code="c">li-&#699;Ubayd Alla&#772;h ibn Jibra&#772;&#700;i&#772;l ibn Bakhti&#772;shu&#772;&#699; ; &#699;uniya bi-tas&#803;h&#803;i&#772;h&#803;iha&#772; wa-al-ta&#699;li&#772;q &#699;alayha&#772; Bu&#772;lus Saba&#772;t&#803;.</subfield></datafield><datafield ind1="3" ind2=" " tag="246"><subfield code="a">Ar-Raoudat at-tibbiyya</subfield></datafield><datafield ind1="1" ind2="5" tag="246"><subfield code="a">Jardin me&#769;dical</subfield></datafield><datafield ind1=" " ind2=" " tag="260"><subfield code="6">880-03</subfield><subfield code="a">Mis&#803;r :</subfield><subfield code="b">al-Mat&#803;ba&#699;ah al-Rah&#803;ma&#772;ni&#772;yah,</subfield><subfield code="c">1927.</subfield></datafield><datafield ind1=" " ind2=" " tag="300"><subfield code="a">online resource (73 pages)</subfield></datafield><datafield ind1=" " ind2=" " tag="336"><subfield code="a">text</subfield><subfield code="2">rdacontent</subfield></datafield><datafield ind1=" " ind2=" " tag="337"><subfield code="a">computer</subfield><subfield code="2">rdamedia</subfield></datafield><datafield ind1=" " ind2=" " tag="338"><subfield code="a">online resource</subfield><subfield code="2">rdacarrier</subfield></datafield><datafield ind1=" " ind2=" " tag="500"><subfield code="a">Part of the Arabic Collections Online (ACO) project, contributed by Columbia University Libraries.</subfield></datafield><datafield ind1=" " ind2=" " tag="504"><subfield code="a">Includes bibliographical references and indexes.</subfield></datafield><datafield ind1=" " ind2=" " tag="500"><subfield code="a">Microfilmed for preservation.</subfield><subfield code="5">DNLM</subfield></datafield><datafield ind1=" " ind2=" " tag="533"><subfield code="a">Electronic reproduction.</subfield><subfield code="b">New York, N.Y. :</subfield><subfield code="c">New York University,</subfield><subfield code="d">2015.</subfield><subfield code="5">NNU</subfield></datafield><datafield ind1=" " ind2=" " tag="561"><subfield code="a">Bookplate of Dr. Lufti Mustafa Sa'di.</subfield><subfield code="5">DNLM</subfield></datafield><datafield ind1=" " ind2="0" tag="650"><subfield code="a">Medicine, Islamic.</subfield></datafield><datafield ind1="1" ind2="2" tag="650"><subfield code="a">Medicine, Arabic.</subfield></datafield><datafield ind1="1" ind2=" " tag="700"><subfield code="a">Sbath, Paul.</subfield></datafield><datafield ind1="1" ind2=" " tag="700"><subfield code="a">Sa&#699;di, Lutfi M.,</subfield><subfield code="e">former owner.</subfield><subfield code="5">DNLM</subfield></datafield><datafield ind1="2" ind2=" " tag="710"><subfield code="a">Columbia University.</subfield><subfield code="b">Libraries.</subfield></datafield><datafield ind1="0" ind2=" " tag="730"><subfield code="a">Arabic Collections Online.</subfield></datafield><datafield ind1="0" ind2="8" tag="776"><subfield code="i">Print version:</subfield><subfield code="a">Ibn Bakhti&#772;shu&#772;&#699;, &#699;Ubayd Alla&#772;h ibn Jibra&#772;&#700;i&#772;l.</subfield><subfield code="t">al-Rawd&#803;ah al-t&#803;ibbi&#772;yah</subfield><subfield code="w">(NNC)3233722</subfield><subfield code="w">(DLC)  55045703 </subfield><subfield code="w">(OCoLC)37877552</subfield></datafield><datafield ind1="4" ind2="0" tag="856"><subfield code="u">http://hdl.handle.net/2333.1/h44j122g</subfield></datafield><datafield ind1="1" ind2=" " tag="880"><subfield code="6">100-01</subfield><subfield code="a">&#1575;&#1576;&#1606; &#1576;&#1582;&#1578;&#1610;&#1588;&#1608;&#1548; &#1593;&#1576;&#1610;&#1583; &#1575;&#1604;&#1604;&#1607; &#1576;&#1606; &#1580;&#1576;&#1585;&#1575;&#1574;&#1610;&#1604;.</subfield></datafield><datafield ind1="1" ind2="3" tag="880"><subfield code="6">245-02</subfield><subfield code="a">&#1575;&#1604;&#1585;&#1608;&#1590;&#1577; &#1575;&#1604;&#1591;&#1576;&#1610;&#1577; /</subfield><subfield code="c">&#1604;&#1593;&#1576;&#1610;&#1583; &#1575;&#1604;&#1604;&#1607; &#1576;&#1606; &#1580;&#1576;&#1585;&#1575;&#1574;&#1610;&#1604; &#1576;&#1606; &#1576;&#1582;&#1578;&#1610;&#1588;&#1608;&#1593; &#1563; &#1593;&#1606;&#1610; &#1576;&#1578;&#1589;&#1581;&#1610;&#1581;&#1607;&#1575; &#1608;&#1575;&#1604;&#1578;&#1593;&#1604;&#1610;&#1602; &#1593;&#1604;&#1610;&#1607;&#1575; &#1576;&#1608;&#1604;&#1587; &#1587;&#1576;&#1575;&#1591;.</subfield></datafield><datafield ind1=" " ind2=" " tag="880"><subfield code="6">260-03</subfield><subfield code="a">&#1605;&#1589;&#1585; :</subfield><subfield code="b">&#1575;&#1604;&#1605;&#1591;&#1576;&#1593;&#1577; &#1575;&#1604;&#1585;&#1581;&#1605;&#1575;&#1606;&#1610;&#1577;&#1548;</subfield><subfield code="c">1927.</subfield></datafield><datafield ind1=" " ind2=" " tag="959"><subfield code="a">NNU</subfield><subfield code="b">WEB</subfield><subfield code="c">GENI</subfield><subfield code="t">0</subfield><subfield code="m">Electronic access</subfield><subfield code="s">01</subfield></datafield><datafield ind1=" " ind2=" " tag="999"><subfield code="i">NNC_3233722</subfield><subfield code="o">(OCoLC)ocm37877552</subfield><subfield code="e">(ERROR-880)</subfield><subfield code="s">columbia_aco000218</subfield></datafield></record>